@book{gr,
    place={Cambridge},
    title={Spacetime and Geometry: An Introduction to General Relativity},
    DOI={10.1017/9781108770385},
    publisher={Cambridge University Press},
    author={Carroll, Sean M.},
    year={2019}
}

@book{fvm,
    place={Cambridge},
    series={Cambridge Texts in Applied Mathematics},
    title={Finite Volume Methods for Hyperbolic Problems},
    DOI={10.1017/CBO9780511791253},
    publisher={Cambridge University Press},
    author={LeVeque, Randall J.},
    year={2002},
    collection={Cambridge Texts in Applied Mathematics}
}

@article{metric,
    doi = {10.1088/0264-9381/27/10/105013},
    url = {https://doi.org/10.1088%2F0264-9381%2F27%2F10%2F105013},
    year = 2010,
    month = {apr},
    publisher = {{IOP} Publishing},
    volume = {27},
    number = {10},
    pages = {105013},
    author = {Kristina Giesel and Johannes Tambornino and Thomas Thiemann},
    title = {{LTB} spacetimes in terms of Dirac observables},
    journal = {Classical and Quantum Gravity}
}
